<record><leader>00000cas a22000007a 4500</leader><controlfield tag="001">45485732</controlfield><controlfield tag="008">001206cuuuu9999cauex n       0   a0eng c</controlfield><datafield ind1=" " ind2=" " tag="010"><subfield code="a">   00213113 </subfield></datafield><datafield ind1=" " ind2=" " tag="040"><subfield code="a">NSD</subfield><subfield code="b">eng</subfield><subfield code="c">NSD</subfield><subfield code="d">OCLCQ</subfield></datafield><datafield ind1=" " ind2=" " tag="012"><subfield code="m">y</subfield></datafield><datafield ind1="1" ind2=" " tag="022"><subfield code="a">1532-8252</subfield><subfield code="l">1532-8252</subfield><subfield code="y">1090-8676</subfield><subfield code="2">1</subfield></datafield><datafield ind1=" " ind2=" " tag="032"><subfield code="a">039500</subfield><subfield code="b">USPS</subfield></datafield><datafield ind1=" " ind2=" " tag="042"><subfield code="a">nsdp</subfield><subfield code="a">pcc</subfield></datafield><datafield ind1="0" ind2=" " tag="130"><subfield code="a">New York Jewish times (Los Angeles ed.)</subfield></datafield><datafield ind1=" " ind2="0" tag="222"><subfield code="a">New York Jewish times</subfield><subfield code="b">(Los Angeles ed.)</subfield></datafield><datafield ind1="1" ind2="0" tag="245"><subfield code="a">New York Jewish times.</subfield></datafield><datafield ind1=" " ind2=" " tag="250"><subfield code="a">Los Angeles ed.</subfield></datafield><datafield ind1=" " ind2=" " tag="260"><subfield code="a">Los Angeles, Calif. :</subfield><subfield code="b">New York Jewish Times</subfield></datafield><datafield ind1=" " ind2=" " tag="300"><subfield code="a">v.</subfield></datafield><datafield ind1=" " ind2=" " tag="310"><subfield code="a">Twenty-six no. a year</subfield></datafield><datafield ind1=" " ind2=" " tag="588"><subfield code="a">Description based on: Vol. 103, issue 20 (Oct. 6-13, 2000).</subfield></datafield><datafield ind1="0" ind2="0" tag="780"><subfield code="t">Angeles Jewish times</subfield><subfield code="x">1090-8676</subfield><subfield code="w">(DLC)sn 96017243</subfield></datafield></record>